<?xml version="1.0" encoding="UTF-8" ?>
<collection xmlns:xsi="http://www.w3.org/2001/XMLSchema-instance"
    xsi:schemaLocation="http://www.loc.gov/MARC21/slim
        http://www.loc.gov/standards/marcxml/schema/MARC21slim.xsd"
    xmlns="http://www.loc.gov/MARC21/slim">
<record>
  <leader>00247cam a2200469 i 4500</leader>
  <controlfield tag="001">b12370654</controlfield>
  <controlfield tag="003">LeBAU</controlfield>
  <controlfield tag="005">20180223</controlfield>
  <controlfield tag="008">970228s1924    ua            ||0 0 ara d</controlfield>
  <datafield tag="035" ind1=" " ind2=" ">
    <subfield code="a">ocn784282876</subfield>
  </datafield>
  <datafield tag="040" ind1=" " ind2=" ">
    <subfield code="a">LEAUB</subfield>
    <subfield code="b">ara</subfield>
    <subfield code="e">rda</subfield>
    <subfield code="c">LEAUB</subfield>
    <subfield code="d">LEAUB</subfield>
  </datafield>
  <datafield tag="082" ind1="0" ind2="4">
    <subfield code="a">297.31</subfield>
    <subfield code="2">20</subfield>
  </datafield>
  <datafield tag="100" ind1="1" ind2=" ">
    <subfield code="6">880-01</subfield>
    <subfield code="a">Bājūrī, Ibrāhīm ibn Muḥammad,</subfield>
    <subfield code="d">1783 or 1784-1860,</subfield>
    <subfield code="e">author.</subfield>
  </datafield>
  <datafield tag="245" ind1="1" ind2="0">
    <subfield code="6">880-02</subfield>
    <subfield code="a">Ḥāshiyat al-ʻālim al-ʻallāmah al-ḥabr al-baḥr al-fahhāmah al-ustādh al-humām shaykh mashāyikh al-Islām al-Shaykh Ibrāhīm al-Bayjūrī :</subfield>
    <subfield code="b">ʻalá Matn al-Sanūsīyah lil-imām al-ʻālim al-ʻallāmah Abū ʻAbd Allāh Muḥammad ibn Muḥammad ibn Yūsuf al-Sanūsī. Wa-bi-hāmishihā taqrīr al-ʻAllāmah al-Shams al-Anbābī muqābalan ʻalá khaṭṭih.</subfield>
  </datafield>
  <datafield tag="246" ind1="3" ind2="0">
    <subfield code="6">880-03</subfield>
    <subfield code="a">Ḥāshiyat al-Bayjūrī</subfield>
  </datafield>
  <datafield tag="264" ind1=" " ind2="1">
    <subfield code="6">880-04</subfield>
    <subfield code="a">Miṣr :</subfield>
    <subfield code="b">Maṭbaʻat Muṣṭafá al-Bābī al-Ḥalabī wa-Awlāduh,</subfield>
    <subfield code="c">1343 H., [1924? M.]</subfield>
  </datafield>
  <datafield tag="300" ind1=" " ind2=" ">
    <subfield code="6">880-05</subfield>
    <subfield code="a">60 pages ;</subfield>
    <subfield code="c">29 cm</subfield>
  </datafield>
  <datafield tag="336" ind1=" " ind2=" ">
    <subfield code="a">text</subfield>
    <subfield code="b">txt</subfield>
    <subfield code="2">rdacontent</subfield>
  </datafield>
  <datafield tag="337" ind1=" " ind2=" ">
    <subfield code="a">unmediated</subfield>
    <subfield code="b">n</subfield>
    <subfield code="2">rdamedia</subfield>
  </datafield>
  <datafield tag="338" ind1=" " ind2=" ">
    <subfield code="a">volume</subfield>
    <subfield code="b">nc</subfield>
    <subfield code="2">rdacarrier</subfield>
  </datafield>
  <datafield tag="600" ind1="1" ind2="4">
    <subfield code="a">السنوسي، محمد بن يوسف،</subfield>
    <subfield code="d">حوالي 1427-حوالي 1490.</subfield>
    <subfield code="t">السنوسية.</subfield>
  </datafield>
  <datafield tag="600" ind1="1" ind2="0">
    <subfield code="a">Sanūsī, Muḥammad ibn Yūsuf,</subfield>
    <subfield code="d">approximately 1427-approximately 1490.</subfield>
    <subfield code="t">Sanūsīyah.</subfield>
  </datafield>
  <datafield tag="650" ind1=" " ind2="4">
    <subfield code="a">التوحيد</subfield>
    <subfield code="v">اعمال قديمة حتى 1800.</subfield>
  </datafield>
  <datafield tag="650" ind1=" " ind2="4">
    <subfield code="a">الاسلام</subfield>
    <subfield code="x">عقائد</subfield>
    <subfield code="v">اعمال قديمة حتى 1800.</subfield>
  </datafield>
  <datafield tag="650" ind1=" " ind2="0">
    <subfield code="a">Monotheism</subfield>
    <subfield code="v">Early works to 1800.</subfield>
  </datafield>
  <datafield tag="650" ind1=" " ind2="0">
    <subfield code="a">Islam</subfield>
    <subfield code="x">Doctrines</subfield>
    <subfield code="v">Early works to 1800.</subfield>
  </datafield>
  <datafield tag="700" ind1="1" ind2="2">
    <subfield code="6">880-06</subfield>
    <subfield code="a">Anbābī, Muḥammad ibn Muḥammad,</subfield>
    <subfield code="d">1824 or 1825-1895 or 1896.</subfield>
    <subfield code="t">Taqrīr.</subfield>
  </datafield>
  <datafield tag="700" ind1="1" ind2="2">
    <subfield code="6">880-07</subfield>
    <subfield code="a">الانبابي، محمد بن محمد،</subfield>
    <subfield code="d">1824 او 1825-1895 او 1896.</subfield>
    <subfield code="t">تقرير.</subfield>
  </datafield>
  <datafield tag="775" ind1="0" ind2=" ">
    <subfield code="6">880-08</subfield>
    <subfield code="i">has designation of edition</subfield>
    <subfield code="4">http://rdaregistry.info/Elements/m/P30133:</subfield>
    <subfield code="t">Ḥāshiyat shaykh al-Islām al-Shaykh Ibrāhīm al-Bayjūrī al-mutawaffá sanat 1198 H. ʻalá Matn al-Sanūsīyah fī ʻilm al-tawḥīd li-Abī ʻAbd Allāh Muḥammad ibn Muḥammad ibn Yūsuf al-Sanūsī al-mutawaffá sanat 895 H. Wa-bi-hāmishihā taqrīr Shams al-Dīn Muḥammad al-Anbābī shaykh al-Jāmiʻ al-Azhar al-mutawaffá sanat 1313 H.</subfield>
    <subfield code="b">al-Ṭabʻah al-thānīyah.</subfield>
    <subfield code="d">Miṣr : Maktabat wa-Maṭbaʻat Muṣṭafá al-Bābī al-Ḥalabī wa-Awlāduh, 1374 H. = 1955 M.</subfield>
    <subfield code="w">(OCoLC)936117211</subfield>
    <subfield code="w">(OCoLC)936117211</subfield>
  </datafield>
  <datafield tag="852" ind1=" " ind2=" ">
    <subfield code="a">Jafet Library</subfield>
    <subfield code="e">American University of Beirut, Bliss Street , Beirut, Lebanon.</subfield>
  </datafield>
  <datafield tag="880" ind1="1" ind2=" ">
    <subfield code="6">100-01/(3/r</subfield>
    <subfield code="a">الباجوري، ابراهيم بن محمد،</subfield>
    <subfield code="d">1783 او 1784-1860،</subfield>
    <subfield code="e">مؤلف. </subfield>
    <subfield code="4">aut.</subfield>
  </datafield>
  <datafield tag="880" ind1="1" ind2="0">
    <subfield code="6">245-02/(3/r</subfield>
    <subfield code="a">حاشية العالم العلامة الحبر البحر الفهامة الأستاذ الهمام شيخ مشايخ الإسلام الشيخ إبراهيم البيجوري :</subfield>
    <subfield code="b">على متن السنوسية للإمام العالم العلامة أبو عبدلله محمد بن محمد بن يوسف السنوسي. وبهامشها تقرير العلامة الشمس الأنبابي مقابلاً على خطه.</subfield>
  </datafield>
  <datafield tag="880" ind1="1" ind2="2">
    <subfield code="6">700-06/(3/r</subfield>
    <subfield code="a">السنوسي، محمد بن يوسف،</subfield>
    <subfield code="d">حوالي 1427-حوالي 1490.</subfield>
    <subfield code="t">السنوسية.</subfield>
  </datafield>
  <datafield tag="880" ind1="3" ind2="0">
    <subfield code="6">246-03/(3/r</subfield>
    <subfield code="a">حاشية البيجوري</subfield>
  </datafield>
  <datafield tag="880" ind1=" " ind2="1">
    <subfield code="6">264-04/(3/r</subfield>
    <subfield code="a">مصر :</subfield>
    <subfield code="b">مطبعة مصطفى البابي الحلبي وأولاده،</subfield>
    <subfield code="c">1343 هـ.، [1924؟ م.]</subfield>
  </datafield>
  <datafield tag="880" ind1=" " ind2=" ">
    <subfield code="6">300-05/(3/r</subfield>
    <subfield code="a">60 صفحة ؛</subfield>
    <subfield code="c">29 سم</subfield>
  </datafield>
  <datafield tag="880" ind1="1" ind2="2">
    <subfield code="6">700-07/(3/r</subfield>
    <subfield code="a">Sanūsī, Muḥammad ibn Yūsuf,</subfield>
    <subfield code="d">approximately 1427-approximately 1490.</subfield>
    <subfield code="t">Sanūsīyah.</subfield>
  </datafield>
  <datafield tag="880" ind1="0" ind2=" ">
    <subfield code="6">775-08/(3/r</subfield>
    <subfield code="i">دلالة على الطبعة</subfield>
    <subfield code="4">http://rdaregistry.info/Elements/m/P30133:</subfield>
    <subfield code="t">حاشية شيخ الإسلام الشيخ إبراهيم البيجوري المتوفى سنة 1198 هـ. على متن السنوسية في علم التوحيد لأبي عبد الله محمد بن محمد بن يوسف السنوسي المتوفى سنة 895 هـ. وبهامشه تقرير شمس الدين محمد الأنبابي شيخ الجامع الأزهر المتوفى سنة 1313 هـ.</subfield>
    <subfield code="b">الطبعة الثانية.</subfield>
    <subfield code="d">مصر : مكتبة ومطبعة مصطفي البابي الحلبي وأولاده، 1374 هـ. = 1955 م.</subfield>
    <subfield code="w">b1793297x</subfield>
    <subfield code="w">(OCoLC)936117211</subfield>
  </datafield>
  <datafield tag="907" ind1=" " ind2=" ">
    <subfield code="a">.b12370654</subfield>
    <subfield code="b">18-03-09</subfield>
    <subfield code="c">11-05-24</subfield>
  </datafield>
  <datafield tag="907" ind1=" " ind2=" ">
    <subfield code="a">.b12370654</subfield>
    <subfield code="b">11-10-11</subfield>
    <subfield code="c">11-05-24</subfield>
  </datafield>
  <datafield tag="945" ind1=" " ind2=" ">
    <subfield code="f">J</subfield>
    <subfield code="a">297.31:B16hA:c.1</subfield>
    <subfield code="i">01009077</subfield>
    <subfield code="j">.i12821317</subfield>
    <subfield code="l">u0503</subfield>
  </datafield>
  <datafield tag="998" ind1=" " ind2=" ">
    <subfield code="a">u05</subfield>
    <subfield code="b">97-02-28</subfield>
    <subfield code="c">m</subfield>
    <subfield code="d">a</subfield>
    <subfield code="e">-</subfield>
    <subfield code="f">ara</subfield>
    <subfield code="g">ua </subfield>
    <subfield code="h">0</subfield>
    <subfield code="i">1</subfield>
  </datafield>
</record>
</collection>
